% The Github repo 
@misc{repo,
  author = {Ross Heaney},
  title = {load balancer},
  year = {2022},
  publisher = {GitHub},
  journal = {GitHub repository},
  howpublished = {\url{https://github.com/ross39/CS6422-LoadBalancer}},
  commit = {4f57d6a0e4c030202a07a60bc1bb1ed1544bf679}
}

%Round Robin 
@misc{RR,
  author = {Wikipedia},
  title = {Round Robin},
  year = {2022},
  publisher = {Wikipedia},
  journal = {Internet},
  howpublished = {\url{https://www.wikiwand.com/en/Round-robin_scheduling}},
  commit = {4f57d6a0e4c030202a07a60bc1bb1ed1544bf679}
}
%Weighted round robin 

@misc{WRR,
  author = {Wikipedia},
  title = {Round Robin},
  year = {2022},
  publisher = {Wikipedia},
  journal = {Internet},
  howpublished = {\url{https://www.wikiwand.com/en/Weighted_round_robin}},
  commit = {4f57d6a0e4c030202a07a60bc1bb1ed1544bf679}
}

@misc{Video ,
  author = {youtube},
  title = {demo},
  year = {2022},
  publisher = {youtube},
  journal = {Internet},
  howpublished = {\url{https://www.youtube.com/watch?v=1uI_g9gjYXw}},
  commit = {4f57d6a0e4c030202a07a60bc1bb1ed1544bf679}
}
